@article{purkayastha2015pollution,
  title={Collection and recycle bin location-allocation problem in solid waste management: A review},
  author={Purkayastha, D. and Majumder, M. and Chakrabarti, S.},
  journal={Pollution},
  pages={175--191},
  volume={1},
  year={2015},
}

@conference{castro2017smart,
  title={Smart cities: A case study in waste monitoring and management},
  author={Castro Lundin, Castro and Gurcan Ozkil, Ali},
  journal={Proceedings of the 50th Hawaii International Conference on System Sciences},
  year={2017},
}

@article{sumedh2015gis,
  title={Solid Waste and Waste Bin Management By Using RS and GIS: A Review},
  author={ D. Kashid, Sumedh and B. Nalawade, Dhananjay and D. Nagne, Ajay and K. Dhumal, Rajesh and V.Kale, K.},
  journal={International Journal of Scientific and Engineering Research},
  volume={6},
  year={2015},
}
@manual{doc,
  title={DEAP documentation},
  url={https://deap.readthedocs.io/en/master/index.html},
}

